2920 4840
505 409 722 466 aanrcona.
740 413 828 464 can.
847 417 891 468 aa.
909 477 915 486 ,
1169 421 1212 488 ffl

181 582 362 668 Hispaniam
385 580 445 642 sita
466 591 498 644 ct
515 579 633 644 Gallico
653 602 772 665 qnoque
785 583 865 646 mari
884 596 1052 670 opportuna
1068 567 1211 655 valentia-

181 703 289 766 simam
318 698 435 783 imperii
466 710 581 785 partem
611 700 729 784 maguis
760 691 891 765 inuicem
917 703 1021 769 usibus
1049 704 1210 772 misouerit.

185 820 311 907 spatium
328 819 413 898 eius,
437 817 464 881 si
486 816 664 882 Britanniae
686 796 891 902 comparetur,
915 815 1211 906 angustius‚.nostri

183 940 276 1003 maris
293 937 408 1001 insulas
425 947 557 1021 superat.
602 938 698 1003 solum
716 938 889 1021 coelumque
907 949 938 1004 cl
954 911 1077 1025 ingenia
1096 943 1207 1010 cultus·

183 1079 241 1142 qaae
258 1037 414 1121 hominnm¹
427 1055 506 1119 haud
523 1055 650 1120 mullum
669 1076 687 1118 a
704 1030 866 1120 Britannia
884 1057 1025 1123 differunt
1042 1059 1075 1124 in
1091 1045 1233 1130 melicus

183 1277 234 1328 qno
254 1261 393 1314 distantem
411 1274 426 1312 a
442 1260 575 1312 Britannia
589 1265 615 1311 et
628 1259 679 1311 lli-
713 1257 817 1332 libellus
830 1260 858 1312 in
874 1261 950 1314 cuius
963 1263 1079 1330 margine
1092 1264 1212 1332 Magglo-

183 1349 288 1414 spania.
299 1349 452 1397 taediosum
464 1346 682 1410 interiectaquae-
716 1344 805 1396 canius
823 1344 946 1398 lectiones
964 1347 1022 1400 cod.
1036 1347 1061 1400 Α
1074 1351 1212 1403 transscri-

184 1434 235 1484 ris.
255 1430 411 1496 omninoque
421 1429 462 1480 lic
472 1427 682 1498 arredcoparplco-
716 1430 771 1494 psit
788 1429 826 1480 slc
844 1428 935 1481 habet:
958 1433 1101 1496 differunt.-
1123 1440 1213 1487 mallus
1236 1461 1241 1470 ι

184 1530 306 1570 nasmnm
324 1513 441 1568 additum
460 1523 509 1568 cst.
539 1516 612 1566 Eas.
639 1528 684 1565 ex-
718 1517 901 1580 adstruatque
923 1515 957 1568 ad
978 1515 1040 1570 haec
1057 1517 1133 1571 verba
1150 1519 1214 1571 nihil

185 1601 269 1669 ampla
284 1602 396 1653 omissae
413 1601 613 1667 praepositionis
631 1600 683 1651 iam
717 1599 844 1651 varietatis
855 1607 1005 1652 annotatum
1015 1609 1069 1663 est:
1088 1607 1214 1669 erquarc

184 1687 327 1739 Bhenanus
349 1685 489 1738 cumularit
510 1685 538 1736 in
562 1685 682 1737 thesauro
716 1681 836 1748 colligere
857 1699 1000 1750 possumus
1018 1679 1131 1738 codicem
1153 1701 1229 1739 cum·

185 1773 263 1824 locut.
274 1787 300 1838 p.
311 1773 344 1822 34
350 1785 392 1836 sq.
402 1771 450 1822 scd
460 1770 559 1822 diversa
568 1769 682 1821 miscuit.
715 1765 782 1817 libro
791 1767 919 1833 impresso
927 1783 1079 1837 congruere.
1097 1773 1124 1823 in
1134 1773 1213 1824 altero

184 1859 256 1910 nist.
271 1859 296 1920 3,
310 1857 341 1908 lo
355 1860 466 1906 diductis
476 1859 504 1905 ἐκ
518 1859 607 1906 lutera
621 1864 682 1905 tur-
716 1850 804 1903 codiua
816 1853 942 1919 scriptum
956 1861 996 1906 cst
1013 1858 1107 1920 differt
1118 1861 1151 1908 In
1161 1875 1214 1908 aaa·

183 1948 232 1994 nala
240 1959 351 1993 vacuum
363 1944 644 2005 mediorelr'nqraa'ta'tar.
654 1939 679 2004 3,
714 1939 768 1987 aar
783 1941 872 1990 anteon
885 1944 911 1990 ct
923 1939 961 1990 sic
977 1939 1073 1992 hubent
1086 1941 1213 1994 editiones

185 2029 217 2081 19
224 2044 302 2091 poena
311 2030 437 2076 calamam
447 2030 525 2089 plano
539 2031 618 2076 sicam
632 2030 682 2075 tne-
715 2021 857 2088 principes,
873 2023 924 2074 nisi
943 2025 1012 2088 quod
1026 2031 1052 2075 tu
1065 2024 1150 2077 littera
1163 2026 1214 2078 mi-

180 2116 323 2178 patuaapi.
341 2110 373 2161 ad
384 2109 685 2174 quemlullrnestium.
716 2111 781 2158 nuta
799 2113 840 2157 cst
853 2107 990 2174 scripturn.
1012 2108 1171 2160 Puteolanus
1185 2110 1213 2162 in

221 2195 246 2246 1.
275 2199 475 2246 valentissimam
491 2201 551 2259 irrep.
563 2199 681 2258 partam]
716 2191 801 2258 prima
819 2195 845 2242 cl
861 2192 976 2244 secunda
998 2192 1110 2245 editione
1127 2193 1216 2246 omisit

184 2275 324 2342 Hibernia,
344 2280 430 2332 madio
443 2281 510 2330 inter
522 2280 682 2331 Britanniam
716 2277 934 2342 interpunctionis
945 2277 1063 2344 signum
1083 2278 1215 2330 invencta

182 2373 262 2432 atque
288 2353 445 2432 Hispaniam
472 2365 522 2415 sita
544 2370 568 2414 et
585 2363 683 2416 Gallico
717 2366 777 2426 post
786 2362 1012 2428 da'ffarmunetum
1021 2363 1116 2429 posuit,
1125 2361 1216 2416 Aleia-

185 2448 684 2516 quoqucmariopportuna,valentissi-
718 2451 881 2498 iuscomma.
909 2445 1051 2498 lllrauanas
1061 2448 1087 2500 in
1095 2454 1214 2502 contextu

186 2549 257 2586 mam
276 2531 378 2598 lmperii
399 2537 510 2599 partem,
532 2532 683 2598 Hispaniam
708 2531 967 2596 ‚scripsitelffl‘arunc
983 2532 1214 2599 melicandttuaiu

186 2617 615 2683 sciliceulialliamatllritanniam
625 2631 683 2668 ma·
717 2613 932 2681 castigationibus
962 2617 1107 2670 emendarit
1136 2621 1215 2682 diffa-
1249 2679 1256 2687 ,

183 2704 363 2773 ςυῑώνῑοεω
374 2701 467 2756 usibus
476 2715 523 2768 per
531 2703 683 2754 commercia
716 2709 788 2750 ruat.
805 2705 861 2752 atur
868 2701 901 2768 (i.
911 2701 1026 2770 insulae)
1036 2706 1135 2756 aditur.
1152 2705 1215 2756 Mu-

128 2815 132 2818 ·
159 2787 327 2842 coniunxit.
363 2772 524 2860 buccalata,
544 2786 683 2850 quarudis
717 2789 789 2836 ratus
807 2786 907 2852 primns
929 2787 1035 2836 correxit
1057 2787 1127 2850 quod
1145 2801 1215 2837 nunc

185 2873 269 2925 adhue
288 2877 342 2924 erat
358 2885 400 2922 ars
417 2872 533 2933 nautica,
550 2871 588 2921 -iis
607 2882 682 2922 com-
718 2869 881 2934 scripsimus.
893 2869 937 2920 alii
949 2867 1216 2920 alitorlccumcmcn-

71 2957 75 2960 ’
183 2959 289 3012 morcils
299 2955 520 3023 opportunissima
529 2953 685 3009 cratlliltar-
718 2953 823 3004 dabant.
841 2937 966 3003 numerus
976 2949 1115 3015 singularis
1124 2951 1218 3011 differt

185 3045 240 3094 nia.
258 3045 391 3093 linornrr.⁴
719 3049 798 3101 quam
808 3035 870 3086 olim
879 3033 987 3100 praetuli
997 3039 1129 3085 estcorrua
1137 3035 1216 3086 ratio-

221 3129 249 3181 2.
268 3124 411 3193 miscuerat]
430 3125 462 3177 de
475 3129 603 3191 potestate
617 3121 684 3176 sub-
719 3133 780 3172 aem
806 3119 1008 3184 grammaticam.
1043 3131 1104 3176 nam
1127 3132 1215 3172 eorum

188 3209 469 3262 munitiunculam
717 3205 847 3267 locorum,
867 3203 913 3256 ubi
932 3209 991 3271 post
1002 3203 1078 3271 plura
1091 3203 1218 3260 substan·

222 3296 249 3346 3.
276 3299 387 3357 apulum
408 3299 463 3344 eiua
480 3319 514 3332 —-
535 3297 684 3357 unguantur]
719 3289 930 3344 litaverbunrad
943 3290 1088 3358 protimum
1101 3290 1217 3358 applica-

185 3379 303 3432 lsidorus
317 3378 451 3446 etymolog.
466 3378 508 3439 lt,
525 3377 541 3428 ti
557 3381 685 3428 Hibernia
718 3381 774 3439 tur,
792 3375 840 3428 alia
854 3382 894 3428 est
906 3376 970 3429 ratio
983 3383 1062 3440 atque
1072 3376 1149 3428 huius
1159 3375 1217 3426 loci.

176 3471 309 3529 'maxima
327 3467 486 3513 Britannica
498 3466 586 3512 insula
598 3468 685 3526 spatio
720 3461 831 3513 maiores
842 3475 920 3526 quam
929 3460 977 3511 hoc
987 3445 1093 3510 veritum
1103 3457 1218 3508 difficul-

185 3560 320 3600 tarrarum
333 3553 470 3612 angustior
482 3549 687 3614 eedcltusaaam-
721 3551 786 3598 tales
804 3545 912 3598 allerunt
928 3541 1052 3593 vocabula
1069 3543 1159 3590 mallus
1172 3547 1218 3590 aut

184 3639 250 3684 acor.
285 3633 382 3684 Isidori
395 3631 471 3685 verba
481 3633 508 3682 in
519 3645 597 3682 sunm
607 3646 686 3684 usum
719 3633 857 3681 cumdius.
894 3623 1000 3687 quodsi
1014 3621 1217 3676 codlccmAsc-

186 3719 311 3772 convertit
319 3714 606 3770 Vincentius-Ballene.
624 3729 687 3781 spa-
721 3723 846 3777 quamur,
866 3707 1012 3772 quaeritur,
1028 3708 1218 3761 cuiusnamin-

186 3802 245 3856 culo
254 3807 341 3854 natur.
351 3803 395 3866 33,
408 3801 448 3852 11.
720 3795 794 3848 sulae
807 3791 895 3843 aditus
907 3797 1048 3860 portusque
1065 3793 1154 3848 minus
1172 3809 1218 3850 co-

171 3909 174 3916 ·
220 3889 246 3938 3.
257 3885 447 3953 matrinam]
466 3885 485 3936 l.
496 3883 686 3936 mediterranei.
720 3871 914 3944 gnitisuertnt?
930 3891 993 3931 num
1012 3878 1176 3934 Britanniae?
1193 3886 1219 3933 at

186 3971 340 4036 l’ecrllamp
350 3959 562 4021 laudaritllavis.
577 3968 609 4019 ad
619 3968 687 4017 Cae·
721 3963 831 4014 lrocnon
845 3969 885 4014 est
896 3977 1000 4028 aarum,
1015 3978 1101 4029 neque
1114 3967 1219 4018 Tacitus

185 4054 351 4121 saa.lr.g.5,
363 4056 388 4107 1.
406 4055 527 4108 Kortium
536 4052 570 4105 ad
579 4050 687 4104 Sallust.
721 4055 781 4101 anta
790 4047 1221 4115 dcporlubusllritannlaalooutus

185 4139 298 4205 lng.18.
635 4147 640 4150 ·
722 4139 773 4187 cst.
790 4131 1221 4199 itaqnequnmlnltisvarbiecom-

222 4225 248 4277 5.
276 4221 404 4290 affluam
420 4228 449 4276 tn
465 4227 566 4278 metue.
587 4219 688 4293 amena]
722 4215 850 4292 putationi
873 4216 962 4272 nullus
976 4216 1014 4271 sit
1026 4217 1122 4335 iocus,
1142 4215 1221 4269 altem

1006 4303 1020 4352 5
