2920 4840
1102 387 1206 453 siti

498 377 712 434 tuutcotn.
732 377 817 435 CAP.
836 381 878 432 30.

158 553 264 615 'etiam
287 547 409 635 ignavis
433 549 582 612 tutissima
599 559 678 614 sunt.
708 551 841 634 priores
864 571 999 636 pugnae,
1026 553 1131 635 quibus
1152 556 1205 618 ad-

156 681 283 736 'vcrsus
300 669 458 734 Romanos
476 669 562 734 varia
580 645 705 736 fortuna
722 680 869 756 certatum
892 681 955 747 est,
981 691 1063 755 spem
1081 692 1118 734 ac
1135 673 1205 736 sub-
1299 671 1303 680 ’

174 789 283 852 sidium
301 789 333 850 in
351 787 466 850 nostris
485 787 622 850 manibus
640 787 806 867 habebant,
827 788 896 872 quia
915 789 1094 854 nobilissimi
1111 792 1203 855 totius

175 905 355 970 Britanniae
378 927 474 990 eoque
495 907 528 968 in
546 905 619 990 ipsis
641 907 846 991 penetralibus
865 907 915 970 siti
933 929 989 972 nec
1007 909 1206 974 servientium

176 1027 279 1090 littora
292 1025 491 1110 adspicientes
507 1025 609 1090 mutos
624 1045 742 1108 quoque
755 1025 922 1088 aconiactu
934 1026 1145 1092 dominationis
1158 1030 1229 1096 in·5

174 1145 302 1208 violatos
313 1144 502 1208 habebamus.
514 1165 570 1208 nos
579 1155 730 1208 terrarum
738 1143 933 1209 aclibertatis
942 1157 1205 1224 extremos-recos·
1296 1113 1303 1130 Χ

173 1355 263 1418 centra
272 1354 358 1400 intuta
367 1365 434 1414 puae
443 1348 567 1398 indecora
575 1349 673 1401 Histoi.

175 1436 256 1497 t,33.

208 1521 234 1572 1.
256 1525 361 1584 priores
366 1534 471 1584 pugnae
480 1522 544 1580 cet]
570 1515 597 1568 ln
610 1517 674 1582 qul-

174 1605 224 1656 bus
234 1599 358 1672 Calgacus
369 1619 427 1655 cum
438 1603 494 1676 suis
505 1617 556 1652 non
566 1617 672 1668 pugna·

174 1697 256 1741 rorat.
290 1687 466 1740 Freinshemio
485 1694 510 1738 et
527 1686 672 1738 Borboraic

174 1771 671 1840 displicett·oc.pugooeeamqueomitti

173 1859 270 1924 uolunt,
286 1873 366 1924 quum
380 1859 465 1910 iocum
476 1873 527 1908 non
538 1855 671 1908 intollexc-
689 1857 696 1866 “

171 1945 230 1995 rint.
252 1962 355 2008 prognae
381 1960 451 2006 spem
472 1945 603 1994 habebant
626 1956 671 2008 per

172 2030 354 2095 metonymiam
364 2026 460 2078 dictum
470 2035 509 2079 est
523 2034 548 2079 ci
565 2027 668 2077 abstra-

171 2122 213 2164 cto
232 2120 261 2164 ut
274 2111 348 2178 uulgo
366 2113 459 2164 dicitur
476 2113 503 2163 id
520 2111 670 2164 attribuitur

172 2198 242 2264 quod
256 2199 388 2264 proprium
408 2205 448 2250 est
467 2199 588 2249 concreti.
626 2195 668 2246 aiii

135 2331 139 2335 .
171 2297 194 2334 v.
225 2287 357 2334 studebunt
381 2283 668 2348 interpretantur-neela

170 2373 265 2420 iraeneo.
302 2383 397 2418 sensus
413 2383 442 2418 er
450 2367 554 2423 Ernesti
564 2374 669 2418 senten-
698 2403 700 2408 ,

171 2455 220 2502 tia:
240 2453 266 2502 iu
285 2451 416 2524 prioribus
434 2437 529 2516 pugnis
547 2465 570 2502 s.
588 2447 667 2518 quum

118 2599 120 2604 Ι
170 2535 302 2601 prioribus
324 2535 485 2602 temporibus
502 2542 666 2604 pugnaretur,

169 2621 276 2686 aliquod
302 2619 451 2688 perfugium
467 2622 530 2672 'erut
551 2621 666 2673 relietum

167 2708 192 2757 in
208 2714 295 2758 nostra
310 2709 403 2760 virtuto
417 2720 497 2772 eaque
513 2721 573 2772 spes
584 2713 667 2758 resta-

167 2789 220 2844 bat.
228 2795 270 2842 ‘in
281 2793 313 2842 iis
324 2799 422 2856 autem,
435 2806 500 2858 quae
510 2800 665 2859 sequuntur,

167 2865 441 2950 iur'meritoErncstius
455 2875 554 2938 haeret3
574 2876 667 2944 Calga-

166 2977 212 3018 cus
240 2962 303 3013 haec
332 2957 505 3013 iactabundus
536 2960 665 3028 loquitur:

167 3061 229 3110 spes
242 3048 326 3110 posita
340 3054 393 3097 erat
402 3048 428 3098 in
439 3047 520 3114 ipsis,
535 3045 605 3112 quod
618 3063 667 3098 no-

167 3128 290 3182 bilissimi
301 3111 387 3183 esdent
396 3139 420 3184 et
430 3133 455 3182 iu
466 3132 533 3198 ipsis
545 3138 667 3198 penetru-

167 3212 239 3264 iibus
254 3217 329 3279 quasi
343 3215 499 3283 decemplici
513 3217 598 3284 gentis
612 3217 664 3268 siti.

168 3298 319 3366 Peerlkamp
350 3300 412 3352 baec
443 3302 477 3351 ita
504 3302 664 3367 transponit:

165 3391 228 3450 quia
238 3390 264 3434 ia
274 3390 336 3450 ipsis
342 3390 522 3448 penetralibus
531 3391 579 3436 siti
586 3404 665 3452 eoque

164 3474 316 3520 turbidissimi
330 3475 410 3521 totius
421 3473 587 3536 Britamriae.

197 3572 222 3626 3.
248 3576 379 3634 mombar]
414 3573 436 3621 B
462 3576 579 3626 navibus.
599 3586 665 3641 mut

164 3658 230 3708 Veu.
242 3662 324 3708 tutius
332 3671 379 3726 pto
391 3662 480 3712 totius.

198 3759 223 3807 5.
247 3776 265 3806 a
279 3763 416 3820 comaclu]
442 3757 588 3809 codiceset
601 3761 662 3811 Put.

83 3841 85 3845 ’
164 3842 192 3901 13
219 3853 361 3892 contractu
378 3845 481 3905 Puta,
508 3843 574 3895 Vtin.
592 3842 661 3906 Alc„

161 3925 231 3989 quod
241 3925 384 3980 Rhenanus
394 3927 550 3982 emendarit.
564 3960 599 3970 -
616 3941 663 3993 pro

161 4013 318 4064 tacebamus
336 4013 441 4078 Bipuni.
459 4020 485 4067 ei
502 4006 593 4080 Ettgcl.¹
613 4014 662 4062 Iact-

160 4099 255 4147 mutue.

195 4198 220 4247 t.
258 4215 305 4249 noo
328 4209 460 4250 terrorem
482 4203 663 4251 actitemus

708 1354 853 1410 extremos]
880 1347 985 1400 libertas
1003 1364 1017 1400 a
1032 1350 1162 1403 Britannia
1173 1353 1205 1404 ad

709 1432 862 1483 Caledonios
875 1433 1004 1499 recepisse
1020 1447 1049 1484 se
1062 1435 1205 1500 uidebatur,

708 1519 754 1582 qui
764 1517 869 1568 devictis
884 1517 990 1582 reliquis
1004 1518 1051 1568 soii
1063 1519 1205 1571 libertatem

707 1601 847 1660 tuebantur
861 1603 947 1668 itaque
962 1601 1087 1653 libertatis
1102 1604 1206 1656 extremi

707 1694 794 1752 eruat;
814 1685 1023 1739 deiendebeteos
1034 1687 1104 1753 quod
1114 1690 1206 1740 remoti
1232 1683 1240 1692 “

707 1773 788 1837 erant.
816 1771 909 1823 similia
927 1777 1071 1824 structurae
1090 1773 1204 1840 exempla

706 1857 818 1909 laudarit
838 1857 990 1926 Peerlkamp
1013 1859 1103 1909 Horat.
1123 1874 1202 1911 carm.

706 1942 731 2004 l,
743 1943 785 2010 35,
799 1943 832 1997 29
846 1959 933 1993 server
950 1947 1048 1993 iturum
1065 1949 1203 1995 Caesarem

704 2033 731 2078 iu
753 2032 857 2076 ailianae
875 2031 944 2075 urbia
968 2031 1119 2077 Britmmoe.
1155 2031 1202 2080 Sil.

704 2112 760 2163 itai.
772 2113 795 2173 3,
808 2113 859 2167 282
874 2115 934 2175 pauiu
944 2119 971 2159 ei
980 2115 1203 2177 Massylifuigen-

705 2203 744 2248 tia
762 2202 837 2260 tigw
855 2200 953 2257 tulere,
972 2197 1142 2258 Herperidum
1161 2215 1204 2246 ce-

703 2287 775 2334 niens
785 2285 850 2331 lucie
859 2277 946 2330 doricae
957 2284 1050 2330 callaina
1060 2281 1166 2331 terrae(

738 2417 762 2470 6.
780 2431 896 2467 reeeme
909 2420 1201 2484 opaeuesinuefcrmae]

703 2509 793 2569 posset
806 2504 897 2566 etia-m,
918 2501 953 2553 uit
965 2501 1107 2555 Rhenanus
1121 2504 1147 2556 in
1157 2517 1202 2556 ce-

702 2585 899 2654 stigatioaibus,
933 2586 1011 2640 scribi
1030 2594 1113 2657 sunta
1139 2604 1201 2642 casu

702 2681 773 2724 serto
787 2675 803 2726 i.
816 2687 838 2728 e.
851 2687 899 2740 per
916 2672 1011 2725 lamam
1030 2673 1157 2741 defendit,
1176 2680 1201 2727 ct

702 2757 750 2810 boc
766 2760 915 2827 praeierunt
931 2761 1065 2822 Muretus,
1083 2760 1200 2810 Borbor-

701 2843 770 2906 nius‚
785 2845 928 2897 Gesnerus.
963 2844 1009 2894 sed
1023 2841 1200 2907 vulgataheno

702 2941 730 2978 se
747 2926 839 2989 habat,¹
858 2940 1015 2991 quamquam
1034 2925 1065 2976 da
1084 2925 1198 2990 explice-

702 3013 771 3063 tione
793 3023 845 3061 uon
870 3011 1000 3062 convenit.
1034 3024 1151 3059 recessus
1175 3016 1200 3060 et

701 3103 773 3147 mnae
795 3107 937 3162 synonyma
958 3099 1030 3145 suut.
1065 3097 1138 3145 eiures
1160 3100 1201 3146 est

700 3193 761 3251 pars
783 3179 911 3246 quaedam
934 3187 1031 3232 secreta
1054 3180 1107 3232 sire
1124 3180 1198 3233 iocus
1263 3227 1266 3233 ,

700 3268 809 3318 manime
819 3273 944 3331 remotus,
961 3280 1039 3333 quem
1049 3249 1167 3332 dgriooie
1177 3255 1198 3319 c.

700 3354 732 3404 33
743 3360 804 3405 extr.
818 3354 905 3420 ipsum
918 3359 1044 3422 tepruram
1056 3367 1084 3403 uc
1094 3360 1199 3404 naturae
1261 3410 1264 3419 1

699 3435 778 3488 finem
792 3438 920 3497 nominum
941 3443 967 3490 et
977 3438 1082 3502 saepius
1097 3435 1139 3485 iiia
1152 3443 1199 3487 uox

699 3521 821 3574 adiective
834 3532 967 3572 extremus
980 3521 1019 3570 vel
1033 3523 1138 3567 ultr'mut
1153 3530 1198 3568 se-

697 3605 996 3658 cumhabetconiunota.
1007 3599 1096 3666 virgil.
1104 3601 1198 3668 Georg.

697 3693 724 3753 2,
737 3691 786 3743 122
795 3684 846 3738 au't
854 3703 917 3750 quoa
929 3687 1030 3760 Occasio
1036 3692 1146 3749 propior
1153 3705 1198 3752 gc-

698 3779 734 3823 rit
740 3776 819 3821 India
828 3776 908 3835 wear,
918 3767 1110 3823 extremdsiuue
1120 3775 1197 3828 orbis.

698 3855 730 3910 de
748 3871 803 3908 voc.
812 3863 908 3925 famae
923 3857 1017 3910 accedo
1032 3871 1102 3910 nunc
1112 3859 1198 3912 Peerl-

697 3941 801 4008 kampio
812 3950 837 3995 et
846 3942 953 4012 Rotbio,
968 3959 1080 4009 quorum
1088 3951 1198 4010 uterque

698 4041 788 4079 casum
798 4029 911 4093 tertium
922 4044 973 4080 non
985 4029 1128 4082 secundum
1139 4044 1197 4082 esse

699 4113 833 4166 existimat.
869 4115 912 4166 ilie
934 4115 970 4164 ite
993 4112 1113 4177 amplicat:
1134 4127 1198 4176 „re-

697 4211 790 4254 cessus
802 4215 833 4255 ao
842 4201 917 4254 sinus
926 4197 1038 4266 regionis
1047 4211 1096 4252 uos
1105 4196 1189 4250 desere
