2920 4840
458 321 463 328 ¹
499 363 826 449 acnrconucur.
844 363 888 424 cr.
1170 369 1213 440 73

177 535 361 624 proeliorum
384 555 477 598 cursu
492 523 676 603 ,fremebunt
720 549 811 622 utque
832 537 876 602 illi
898 538 986 602 modo
1009 538 1089 603 cauti
1112 559 1147 606 ac
1164 561 1212 608 se-

178 657 314 741 pientes,
338 654 466 740 prompti
489 664 557 738 post
578 666 718 721 eventum
742 677 778 720 uc
802 656 989 741 magniloqui
1011 669 1112 724 erunt.
1156 660 1214 724 iui-

182 775 328 859 quissimu
350 773 425 837 hueo
446 771 592 836 bellorum
615 774 746 838 conditio
767 786 832 839 este
860 795 1005 860 prospera
1028 798 1133 842 omncs
1156 751 1214 843 sibi

181 893 355 972 aiudicant,
380 892 512 957 uiversu
535 893 589 955 uni
609 893 805 978 imputantur.
852 905 885 957 ut
905 891 1047 960 Britanni
1069 917 1131 960 non
1153 896 1214 962 vir·

180 1023 247 1076 tuto
269 1013 320 1076 scd
342 1011 503 1076 occasione
524 1021 556 1075 et
577 1021 643 1076 arte
660 1012 753 1088 ,ducis
775 1011 850 1091 rati,
878 1012 952 1077 nihil
975 1035 1016 1078 ex
1038 1016 1261 1102 mroguutiotl

180 1131 354 1211 remittere,
382 1151 442 1215 quo
469 1129 567 1196 minus
594 1130 781 1196 iuventutem
808 1143 979 1214 armarent,
1009 1134 1154 1219 coniuges
1178 1155 1214 1202 ac

180 1391 357 1453 rioetpenet,
370 1387 562 1456 Muggioranius
572 1388 639 1442 silet.
658 1389 680 1441 Β
714 1403 771 1444 voc.
785 1405 884 1456 omnes,
899 1403 953 1442 uon
970 1394 1072 1453 ortium,
1106 1389 1213 1444 itheua-

179 1484 208 1524 er
210 1479 398 1538 penetrandum
409 1479 575 1526 caledonium
584 1475 680 1540 quode
715 1489 767 1526 nus
785 1489 844 1526 cum
861 1473 910 1526 huc
923 1477 1051 1526 sententia
1065 1475 1215 1540 gravissime

181 1561 374 1616 constructione
396 1561 454 1612 ride
477 1573 548 1612 nuuc
565 1558 679 1625 iladvig.
715 1559 1216 1626 rudemquererissimacomparariter-

182 1658 275 1710 opusc.
289 1645 362 1696 acad.
376 1659 403 1711 p.
414 1645 475 1696 381.
511 1642 558 1697 sed
572 1644 680 1696 forsitan
715 1644 830 1712 emplum
841 1644 966 1696 Herennii
976 1644 1042 1696 Galli
1053 1659 1067 1695 a
1077 1643 1214 1708 militibus,

182 1729 331 1780 huccloctio
341 1731 375 1782 ita
385 1730 475 1796 corrigi
484 1729 569 1796 possit
579 1736 607 1781 ut
617 1729 684 1780 scri·
719 1743 785 1794 quos
801 1729 922 1781 Germani
935 1729 1141 1795 profligatorum,
1156 1741 1215 1782 ter-

180 1813 275 1866 bumus
289 1825 316 1865 et
324 1819 512 1878 penetrandum
530 1819 556 1864 in
573 1817 684 1864 Caledo—
717 1811 797 1865 bcruli
808 1815 876 1865 nist.
887 1817 913 1878 4,
924 1813 957 1869 27
968 1819 1038 1882 uicti,
1049 1818 1214 1880 prodromos

180 1905 268 1963 nc'am,·
287 1915 346 1951 num
361 1910 504 1964 penetrare
517 1901 619 1964 olr'pm'd
629 1899 683 1949 Tu·
716 1917 810 1950 osorem
829 1909 960 1966 verterat,
977 1917 1028 1949 nou
1046 1916 1120 1951 ruam
1138 1905 1215 1965 abno-

181 1985 251 2038 citus
269 1984 331 2037 dixit
349 1999 430 2036 sensu
448 1984 580 2048 trunsluto,
601 1997 682 2050 quaro
716 1989 786 2034 eiam
807 1987 853 2035 red
867 1985 1008 2048 perfidiam
1026 1987 1109 2048 legun·
1125 1987 1216 2047 cuba·

183 2083 254 2121 nunc
272 2075 340 2120 recto
362 2068 483 2121 scribitur
502 2071 603 2122 Histor.
618 2072 644 2134 l,
665 2069 680 2122 7
715 2073 791 2119 tant.
826 2067 938 2119 similem
961 2055 1116 2120 senteutiam
1138 2065 1217 2119 habet

181 2163 214 2204 acl
222 2158 249 2203 c'n
259 2159 380 2220 cuiusque
389 2157 628 2223 citumsemomque
633 2171 682 2218 pe·
717 2144 823 2205 Sallust.
829 2153 887 2219 lug.
899 2153 931 2204 53
941 2159 1003 2204 extr.
1015 2155 1106 2218 quiippe
1117 2167 1159 2202 rer
1168 2153 1216 2202 leu-

179 2249 328 2293 nelrarenl.
362 2240 409 2291 sed
429 2238 506 2291 elium
524 2239 591 2291 initu
609 2254 634 2290 c.
648 2237 683 2290 34
717 2255 810 2289 munuc
820 2245 861 2288 a'lu
871 2241 1049 2290 cessitatem:
1066 2241 1094 2286 ire
1103 2239 1238 2286 uictoria.

179 2322 242 2375 dixit
268 2328 350 2376 siluno
376 2329 511 2388 saltusque
535 2335 683 2389 penetrare.
717 2327 759 2374 vel
766 2327 866 2388 ignaris
874 2327 988 2388 gloriari
994 2325 1074 2384 licet,·
1088 2323 1217 2372 adeonae

179 2417 249 2477 part.
264 2418 293 2460 et
305 2422 373 2473 quoe
383 2408 524 2458 orationem
534 2409 683 2460 concitatam
718 2424 761 2460 rer
770 2413 849 2458 etiam
859 2413 936 2459 botros
945 2411 1104 2459 detrectant.

183 2492 274 2546 turbat
299 2498 453 2558 receperunt
478 2492 557 2544 Beck.
582 2493 683 2548 Peerllr.
751 2495 777 2546 4.
794 2511 844 2544 noo
857 2495 1158 2556 virtute-eluctanti]
1175 2491 1216 2546 lo-

114 2621 115 2631 ,
180 2577 285 2636 Hertel.
295 2577 375 2630 Roth.
386 2577 464 2629 Buoh.
717 2591 764 2630 cns
779 2586 915 2646 corruptus
929 2593 1006 2646 quem
1021 2579 1099 2631 etiam
1112 2578 1215 2632 codices

181 2669 184 2674 ’
216 2667 243 2718 1.
267 2665 440 2729 proeliorum]
465 2663 523 2716 Put
541 2663 565 2727 l,
579 2664 682 2728 Meu.
716 2661 752 2714 ite
766 2661 895 2717 exhibent.
922 2664 1064 2716 Rhenuuus
1077 2663 1216 2730 proposuit

178 2751 240 2804 Alc.
265 2752 412 2814 praedem,-
438 2747 580 2801 Rhenanus
605 2749 682 2802 tacito
716 2758 776 2800 arte
793 2752 866 2802 doctr
884 2755 963 2812 irati,
980 2750 1088 2816 Lipsius
1101 2748 1141 2798 rel
1155 2757 1216 2797 arte

179 2835 295 2890 correxit.
374 2887 379 2897 ,
716 2835 946 2886 dueiovtctmratt
958 2833 995 2884 t'oi
1010 2851 1060 2882 non
1075 2841 1103 2880 ut
1118 2835 1216 2880 virtute

216 2921 243 2973 1.
255 2922 420 2989 fremebant]
437 2919 506 2970 flist.
518 2919 545 2983 2,
555 2920 590 2970 tt
600 2935 683 2983 prue-
716 2921 763 2970 aed
779 2922 913 2968 occasione
930 2924 956 2964 et
974 2923 1034 2964 urle
1052 2916 1124 2962 ducis
1140 2927 1216 2974 rupe-

123 2991 133 3010 *
183 3010 305 3058 tortarius
321 3007 392 3054 milm
408 3008 576 3054 non-uirtute
593 3020 621 3055 ae
638 3008 685 3056 recl
717 3005 787 3063 rati‚·
811 2999 922 3060 Pitheuu
949 3007 1009 3048 arte
1035 3003 1117 3047 ea'ctos
1143 2999 1216 3056 rato·
1262 3059 1267 3064 ι

178 3092 330 3155 proditione
339 3093 431 3137 rictum
437 3093 583 3156 fremebat.
611 3091 637 3152 2,
650 3089 683 3142 69
717 3082 912 3137 Freinshemius
925 3099 976 3133 non
985 3083 1217 3133 uirtutemaedoc·

177 3175 353 3243 frementibus
365 3175 473 3224 auxiliis
488 3182 591 3224 tantum
600 3180 684 3238 impu·
719 3174 848 3221 racionem
857 3178 883 3218 et
893 3176 977 3219 artem
987 3173 1058 3219 ducis
1068 3172 1134 3232 rati,
1150 3179 1217 3234 quud

184 3263 282 3311 ni'tatr'a
294 3261 373 3322 alque
384 3263 557 3323 arrogantiae
569 3263 685 3325 legionu-
718 3255 840 3309 correctio
849 3253 968 3308 facillima
977 3261 1025 3322 esi,
1040 3269 1122 3320 quum
1132 3253 1217 3306 littura

183 3348 391 3396 riteaeceesicse.
718 3359 753 3403 m,
777 3355 843 3407 quae
859 3355 906 3409 per
922 3338 1105 3408 compendium
1124 3335 1217 3388 lineola

218 3428 242 3480 1.
270 3437 349 3492 atque
366 3431 453 3477 iltt-
467 3432 610 3490 sopientes]
638 3407 683 3495 riui
719 3425 822 3493 depingi
849 3426 942 3488 soleat,
970 3424 1045 3476 facile
1072 3420 1241 3472 scribarum-

177 3506 269 3580 specio
298 3511 466 3579 prudentium
496 3511 684 3566 admonuerunt
718 3513 794 3577 culpa
808 3509 875 3562 elabi
886 3495 1007 3574 potnerit.
1043 3510 1217 3554 unctorsuam

180 3596 379 3663 regrediendum
390 3599 597 3651 essecot.c.25.
717 3595 891 3648 coniecturam
913 3588 1022 3639 llrmurit
1043 3586 1115 3637 hun.
1137 3585 1164 3646 2,
1187 3583 1215 3636 ll

216 3684 242 3734 4.
259 3682 406 3747 viridicant]
423 3679 483 3732 Alc.
494 3684 590 3731 condic.
718 3683 783 3728 dore
791 3680 818 3724 in
828 3677 963 3724 discrimen
973 3673 1082 3736 legiones
1091 3671 1164 3721 tauri
1171 3675 1219 3721 ioc-
1234 3683 1238 3708 t

216 3767 244 3818 i.
266 3770 314 3817 urei
321 3763 499 3834 imputantur]
526 3766 560 3817 ita
576 3771 685 3829 uterque
715 3764 880 3824 peratorium
897 3765 986 3822 ratur,
1005 3763 1030 3809 et
1047 3757 1118 3808 Aun.
1138 3757 1164 3823 3,
1183 3755 1218 3816 2⁰

180 3849 263 3918 codex
284 3856 310 3903 et
326 3850 470 3902 Rhenanus
489 3864 519 3901 er
537 3851 685 3900 coniectura
718 3849 792 3895 illum
823 3846 976 3892 obsidionem
999 3845 1106 3910 flagitis·
1129 3854 1217 3896 ratur.

179 3950 230 4003 pro
241 3953 297 3984 eom
306 3941 407 3998 inopus„
415 3933 584 4000 quodlegitnr
593 3935 619 3984 iu
629 3930 687 3982 edi·
719 3929 763 3981 alii
773 3927 830 3980 ullis
844 3926 929 3980 modis
938 3927 1109 3996 corruptelam
1120 3927 1216 3980 mederi

183 4015 686 4083 tionibusPuteoluui‚Beroaldi,Alciati.
720 4020 856 4066 conentur.
892 4011 925 4066 ub
939 4011 1031 4079 ellipsi,
1049 4015 1219 4076 quaealloe-

181 4104 315 4158 Beckerus
337 4105 444 4171 scripsit
467 4107 528 4152 duca·
543 4102 613 4168 quod
630 4101 686 4152 llo-
720 4099 844 4152 derleiuio
858 4105 884 4150 et
896 4097 1020 4161 Selliugio
1029 4098 1160 4163 proposita
1169 4102 1217 4155 est,

181 4188 256 4240 thius
274 4189 380 4256 recepit.
412 4186 460 4241 scd
478 4187 628 4256 oppositum
646 4191 686 4238 cst
721 4186 843 4252 equidem
856 4182 933 4251 plane
950 4177 1091 4240 obhorreo;
1110 4180 1217 4258 verbum
