2920 4840
272 405 316 470 84
452 437 454 444 .
619 395 803 451 consueti
828 390 988 462 ututur¹

272 563 445 658 expugnare
469 573 585 648 castra,
611 587 646 630 nc
668 565 727 630 nisi
745 563 874 630 felicitas
899 564 928 622 in
957 557 1125 622 socordiam
1148 559 1306 630 vertisset,

273 709 386 756 exuere
408 691 511 772 iugum
532 694 669 767 potuere.
716 701 772 744 uos
795 679 907 763 integri
929 686 961 741 et
977 672 1112 739 indomiti
1131 675 1308 756 etlibertu-

272 817 331 872 tem
362 827 423 870 uon
454 805 484 868 in
515 800 729 886 poenitentium
760 797 850 860 laturi
880 794 977 881 primo
1007 797 1107 860 statim
1134 789 1306 876 congressu

273 925 481 997 ostendamus,
502 941 576 1006 quos
594 917 652 982 sibi
670 915 835 982 Caledonia
852 914 935 980 viros
952 911 1129 997 seposuerit
1172 932 1212 974 en
1230 927 1305 976 ean-

249 1045 338 1114 5dem
366 1041 513 1106 Romanis
541 1040 571 1102 io
599 1037 677 1104 bello
703 1037 845 1102 virtutem
872 1021 960 1115 quem
987 1031 1019 1094 iu
1042 1051 1118 1115 ¹pace
1145 1031 1302 1097 lasciviam

273 1309 440 1364 cambdenus
454 1309 561 1360 crdnn.
575 1287 618 1370 ll,¹
633 1307 663 1359 31
679 1319 771 1358 emen·
805 1303 872 1372 (rar.
883 1303 941 1356 lect.
951 1304 994 1366 15,
1010 1301 1040 1371 3)
1059 1312 1087 1357 er
1102 1307 1129 1352 ἐκ
1147 1304 1304 1368 libertatem,

273 1397 342 1450 davit
354 1399 533 1461 Trinobantes,
548 1393 618 1460 quud
627 1393 769 1456 Bromius,
805 1408 858 1441 noo
882 1395 908 1440 tro
926 1393 1017 1453 popuii
1040 1391 1150 1438 Romani
1170 1394 1304 1438 servitium

179 1527 180 1534 ,
273 1482 419 1544 Brutulus,
428 1479 470 1531 aiii
481 1485 641 1546 receperunt.
652 1475 772 1529 volusio·
806 1479 866 1525 nata·
892 1478 979 1538 priona
1004 1478 1095 1525 statim
1126 1478 1305 1537 congressione

174 1624 183 1634 ι
274 1569 324 1619 ctio
350 1563 477 1618 vindicem
499 1564 597 1616 invenit
623 1562 774 1614 Doederlci-
807 1563 981 1610 ostendamus.
1018 1571 1162 1624 anonymus
1185 1558 1305 1610 cerdice

275 1653 347 1702 nium
364 1650 392 1701 in
410 1649 479 1700 notis
498 1648 531 1698 ad
548 1661 665 1699 convers.
685 1662 711 1713 p.
730 1645 773 1709 st,
807 1643 1306 1707 Mirandulanocttttertnreminprac-

275 1735 320 1800 qui
340 1735 367 1783 in
386 1745 415 1782 eit
435 1731 596 1784 defendenda
615 1730 679 1782 nihil
698 1730 774 1782 nobis
808 1735 894 1780 sentia
915 1723 1073 1778 nors-laturi
1090 1745 1134 1791 pr.
1157 1737 1193 1780 st.
1216 1747 1303 1793 congr.

276 1817 367 1880 reliqui
386 1816 456 1867 iecit.
484 1817 640 1868 recentiores
655 1829 714 1866 eum
729 1829 774 1866 se·
808 1816 1091 1865 ctondecetendamne.
1117 1813 1263 1866 Gronovius
1272 1813 1306 1865 ad

274 1900 327 1950 coti
337 1905 411 1950 suot.
604 1939 606 1946 .
809 1897 883 1947 Statii
900 1896 958 1950 silv.
977 1895 1052 1948 diatr.
1067 1911 1095 1963 p.
1108 1898 1160 1952 20¹.)
1174 1897 1216 1950 ed.
1231 1899 1305 1964 Lips.

309 1984 335 2034 i'.
353 1985 517 2046 erpugaurc]
543 1981 772 2043 crespignano.
806 1984 864 2030 iude
877 1985 1041 2032 ostendamus
1056 1988 1081 2034 et
1095 1982 1128 2033 ita
1142 1980 1262 2047 quidem,
1279 1991 1310 2036 ut

310 2068 333 2119 l,
360 2069 519 2129 socordiam]
545 2065 604 2117 rut.
625 2065 649 2132 1,
666 2067 692 2127 2,
708 2068 773 2121 ven.
807 2065 956 2119 adverbium
970 2069 1027 2114 tude
1036 2067 1161 2131 pertineat
1170 2067 1202 2118 id
1212 2082 1307 2120 nomeu

274 2151 333 2203 alc.
343 2154 496 2202 secordiam.
786 2151 788 2158 ’
807 2164 944 2213 congressu
958 2155 1039 2215 cipro
1048 2151 1170 2204 adtectivo
1184 2155 1233 2216 sii,
1247 2167 1308 2218 pro-
1367 2143 1372 2158 ‘

308 2238 336 2290 2.
355 2246 382 2286 ct
391 2240 537 2286 libertatem
546 2251 596 2284 non
605 2240 631 2283 to
638 2240 773 2296 poeniten·
808 2232 869 2284 inde
887 2246 917 2284 ac
936 2233 959 2284 si
976 2235 1081 2286 Tuciius
1100 2234 1206 2288 dixisset
1220 2243 1305 2300 primo

277 2325 340 2370 finnt
354 2322 527 2383 tntumprtmc
537 2323 628 2369 rtatim
638 2334 774 2382 congressu
808 2333 946 2380 congressu
956 2319 1307 2385 cn·ordicnte,tiet1uaemen-

276 2387 453 2470 oetendarn'uc]
476 2402 672 2455 siclccusolim
683 2404 775 2456 misere
810 2399 913 2452 datione
931 2414 956 2451 r.
975 2402 1062 2472 bland.
1081 2405 1190 2464 tursolt.
1205 2405 1231 2469 3,
1246 2405 1306 2458 370.
1378 2467 1389 2484 ·
1451 2451 1452 2462 ,

275 2487 398 2560 tractatus
414 2488 441 2548 in
454 2495 565 2552 utroque
575 2487 663 2539 codice
672 2486 773 2553 legitur,
809 2485 942 2536 Broterius
952 2483 1037 2536 locum
1048 2487 1085 2538 sic
1096 2489 1230 2541 constituit
1244 2501 1271 2540 et
1280 2497 1307 2542 tn

277 2570 329 2620 nisi
344 2570 413 2634 quod
426 2572 447 2621 li
460 2569 539 2621 habet
548 2581 574 2620 et
583 2577 610 2620 a'rr
619 2576 775 2625 libertatem.
808 2571 963 2635 liter-tatem,
978 2587 1028 2620 uon
1041 2575 1068 2622 r‘n
1079 2577 1205 2634 praedant
1219 2586 1309 2626 certa-

276 2652 304 2702 in
314 2652 373 2704 cod.
384 2650 469 2702 Arion
478 2666 600 2718 apparere
614 2655 718 2718 signum
733 2656 775 2706 in·
809 2657 866 2701 turi
877 2669 924 2716 pr.
942 2663 975 2706 rt.
993 2672 1015 2704 c.
1038 2659 1119 2706 vivide
1137 2663 1309 2710 ostendamus.

210 2773 214 2780 Ι
278 2735 457 2800 terrogationis
484 2741 544 2802 post
577 2750 602 2790 v.
631 2743 777 2800 reposuerit
810 2735 879 2800 quod
897 2737 1040 2791 emendovit
1058 2727 1201 2805 oioidejld
1215 2744 1309 2796 contr-

276 2819 471 2886 Meggicraoius
493 2822 713 2884 commemoravtt;
743 2822 775 2877 de
810 2823 1192 2894 maturauctoritatescaligeri,
1207 2829 1307 2894 quisue

275 2891 355 2958 altero
369 2903 507 2957 olhilmibl
521 2912 631 2960 constet.
659 2888 729 2972 duod
748 2908 774 2958 in
810 2920 890 2958 manu
913 2907 947 2958 ita
969 2909 1106 2974 scripserat
1124 2911 1151 2962 iu
1170 2913 1306 2978 exemplari

276 2990 358 3056 prima
375 3003 433 3042 mea
454 2990 567 3043 editione
584 3008 710 3042 concurso
727 3005 775 3058 pro
811 3005 863 3055 quo
881 2991 1000 3043 utebatur
1018 2999 1082 3049 teste
1095 2996 1233 3061 Rutgersio
1247 2997 1305 3050 lect.

276 3089 413 3150 comesne
423 3074 703 3140 excodioeAaiiertur,
718 3091 776 3128 mea
809 3076 935 3130 Venusto.
951 3090 975 3127 c.
990 3077 1020 3130 31
1031 3093 1060 3144 p.
1074 3080 1135 3132 415.
1170 3081 1306 3135 Ernestius

276 3147 376 3208 incurie
385 3155 482 3210 iactum
491 3165 540 3221 est.
549 3173 598 3224 qua
605 3159 706 3227 decepti
715 3174 774 3236 om·
808 3158 871 3212 hoec
885 3161 920 3212 lte
933 3161 1080 3226 corrigendo
1094 3177 1153 3215 esse
1166 3167 1265 3231 potorii
1280 3176 1305 3216 et

275 3249 324 3287 nes
342 3236 397 3287 iero
411 3242 574 3292 recentiores
594 3243 663 3294 iilam
686 3258 773 3299 tutem
807 3245 954 3295 libertatem
962 3252 989 3296 r'rr
995 3252 1139 3310 praeratum
1150 3247 1220 3315 (sa'rr
1225 3268 1305 3313 prae·

275 3324 439 3384 receperunt.
448 3323 552 3373 -Put
563 3323 588 3386 1,
599 3326 625 3386 2,
636 3326 702 3376 Veu.
713 3324 772 3380 liic.
807 3332 870 3388 mic)
880 3332 966 3378 taturi
973 3347 1023 3379 non
1028 3347 1071 3393 pr.
1080 3341 1112 3383 rt.
1122 3349 1209 3395 congr.
1218 3343 1305 3383 orten-

275 3410 303 3451 et
311 3407 338 3452 r'rr
347 3403 494 3452 libertatem
503 3421 553 3455 nun
562 3411 774 3470 repraesentem
808 3413 912 3474 domun
932 3413 1038 3479 Bipont.
1056 3421 1132 3481 tique
1141 3415 1230 3480 Engti.
1240 3426 1266 3466 et
1284 3422 1306 3468 r'a'

275 3489 361 3554 latori
373 3503 419 3550 pr.
431 3497 465 3541 rt.
478 3505 565 3553 congr.
578 3494 644 3540 sade
653 3497 774 3542 ostenda·
806 3497 954 3546 libertatem
966 3515 1016 3548 noo
1030 3504 1056 3548 tn
1066 3516 1191 3561 praecesse
1206 3508 1307 3550 tantum

208 3568 212 3582 ¹
276 3587 342 3621 mue.
377 3569 521 3627 Rhenanus
538 3573 565 3625 in
584 3578 652 3626 textu
670 3576 775 3641 scripsit
808 3582 893 3630 taturi
900 3597 945 3643 pr.
956 3589 989 3634 ut.
1000 3599 1087 3645 congr.
1096 3601 1179 3633 nonne
1188 3587 1305 3634 ostende-

275 3663 302 3702 et
310 3657 457 3706 libertatem
466 3676 517 3708 non
526 3663 709 3720 inpraesentia
717 3665 774 3726 eet,
808 3677 872 3713 rous.
907 3677 954 3728 pro
974 3668 1040 3714 unde
1062 3666 1261 3720 Doederleinius
1278 3669 1303 3720 in

275 3735 303 3786 lo
326 3739 538 3804 castigationibus
555 3743 693 3808 proposuit
708 3747 773 3794 itta·
808 3745 873 3796 actis
886 3745 1010 3812 philolog.
1023 3749 1128 3804 Monac.
1139 3751 1304 3802 coniectione

277 3819 773 3886 tem.Lipsiusconiecit-urerentmcn
807 3831 858 3878 ute.
885 3829 1051 3885 devocabulu
1064 3839 1305 3898 impraesentiarum

275 3902 303 3948 in
311 3909 449 3961 praesenti
459 3908 579 3956 etiams·
589 3907 643 3975 (vel
657 3913 773 3972 illaturi)
808 3911 880 3977 quod
892 3915 979 3966 Tacito
992 3915 1131 3968 obtrudere
1139 3918 1306 3974 voluerootr.

271 3985 360 4044 pn'raa
377 3990 469 4036 cratim
490 3995 669 4052 congressione
686 4003 774 4046 oeten·
807 3996 895 4048 ldand.
910 3998 1021 4052 Turseli.
1035 4001 1061 4064 3,
1073 4001 1175 4067 2ddsq.
1186 4003 1306 4068 equidem

274 4067 774 4134 censeretcongressesoascrelstm-
807 4079 1307 4149 hccrccobutumgmmmaticisetsen-

274 4147 334 4214 plici
352 4167 403 4204 non
429 4152 618 4220 interrogando.
654 4159 773 4216 Muretus
807 4164 926 4230 ptoribus
938 4161 1090 4223 medil'aevi
1099 4167 1188 4222 deberi
1198 4153 1308 4224 arbitror
