2894 4872
244 1199 254 1210 ·
352 1145 480 1284 nx
505 1191 1001 1268 rnnmnnmronn

356 1443 363 1448 ,
453 1300 645 1418 ΙΡΜΜΔἘ
670 1362 919 1420 EDtTlONIS.

615 1575 779 1586 u—.-.-..

264 1731 367 1798 Pauca
384 1743 550 1829 sunt2quae
568 1735 604 1802 de
622 1731 748 1796 consilio
765 1733 797 1796 in
816 1731 872 1796 hac
889 1701 1019 1796 editione
1036 1731 1208 1796 adornanda
1241 1723 1245 1730 ’
1288 1709 1295 1720 ’
1410 1771 1415 1780 -

180 1837 329 1881 moneam.
374 1816 406 1879 in
424 1817 527 1900 primis
546 1839 635 1900 quum
653 1818 786 1900 priorum
804 1818 951 1881 editorum
969 1818 1161 1880 securitatem
1175 1817 1206 1879 in

180 1901 352 1984 colligenda
364 1901 501 1964 lectionis
519 1902 668 1966 verietate
689 1923 750 1965 non
774 1902 964 1985 ignorarem,
987 1901 1018 1964 id
1041 1902 1113 1964 mihi
1137 1921 1216 1985 pro-y
1286 1958 1288 1968 ,

179 1986 308 2070 positum
326 1986 393 2064 luit,
415 1997 448 2049 ut
466 1986 583 2049 codices
602 1997 691 2069 atque
709 1987 855 2050 editiones
873 2007 946 2069 quas
967 1997 1081 2051 vocant
1096 1984 1207 2071 princi-

179 2091 232 2153 pes
251 2081 303 2132 aut
320 2070 384 2152 ipse
402 2081 514 2152 quanta
531 2070 666 2132 maxima
683 2091 803 2154 possem
824 2070 973 2154 religione
990 2071 1207 2154 perlustrarem

180 2164 234 2217 aut
255 2153 292 2216 ab
315 2154 450 2217 officiosa
471 2155 598 2218 aliorum
621 2155 757 2220 virorum
781 2155 966 2218 humanitate
984 2155 1110 2219 collatos
1128 2154 1233 2218 acci·-

180 2258 294 2322 perem.
333 2238 423 2301 etiem
440 2239 561 2322 reliquis
580 2239 760 2312 editionibus
779 2260 853 2322 quae
871 2241 952 2303 infra
969 2239 1100 2302 iudicavi
1118 2259 1206 2301 accu-

179 2332 247 2392 rate
264 2322 406 2406 inspectis
424 2333 528 2388 textus
547 2345 635 2406 quem
651 2335 764 2390 vocant
781 2324 937 2386 historiam
956 2342 1135 2406 componere
1152 2342 1206 2384 no·

180 2406 227 2471 his
250 2407 349 2481 licuit,
372 2408 415 2470 ita
433 2419 466 2470 ut
483 2408 675 2494 lahor‘qnem
693 2406 763 2470 huic
784 2406 910 2489 editioni
933 2406 1129 2491 impendimus
1152 2405 1206 2468 ali-

124 2528 129 2541 =
180 2511 268 2573 quam
292 2491 350 2556 sibi
375 2493 493 2555 laudem
516 2503 677 2576 paraturus
704 2491 760 2568 sit,
788 2491 853 2556 etsi
870 2513 932 2556 non
953 2489 1036 2556 omni
1057 2511 1099 2557 ex
1121 2500 1207 2579 parte

181 2574 255 2639 viris
273 2576 453 2640 doctissimis
471 2576 720 2642 satisfecerimus.
948 2579 949 2582 ’

263 2657 305 2741 Ing
326 2660 505 2746 hihliotheca
535 2661 686 2728 Vaticana
715 2661 776 2724 duo
791 2671 1004 2746 'asservantur
1028 2659 1148 2726 codices
1174 2661 1207 2724 in

180 2743 285 2826 quibus
303 2756 350 2808 est
366 2746 429 2810 vita
446 2745 624 2822 Arricolae3
643 2758 802 2830 utrumqne
821 2747 948 2811 contulit
965 2744 1098 2822 Brotier.
1129 2746 1208 2809 alter

179 2829 316 2912 signatus
343 2827 433 2894 Fulv.
491 2851 534 2894 rs.
564 2833 648 2898 3429
676 2831 755 2894 hunc
776 2831 908 2896 libellum
931 2831 1029 2894 solum
1055 2831 1207 2905 continete

181 2911 257 2976 alter
274 2914 412 2996 signatus
429 2916 515 2981 4498
534 2914 727 2979 Germaniam
747 2937 864 2998 quoque
882 2927 914 2978 et
926 2914 1077 2996 dialogum
1092 2917 1129 2976 de
1138 2931 1207 2974 ora·
1319 2913 1324 2920 '

180 2997 295 3060 torihus
320 2997 417 3072 habet.
461 2999 544 3061 illum
567 2999 763 3082 Maggiorani
784 3000 834 3061 vir
851 2999 1036 3061 reverendus
1054 2996 1086 3058 in
1109 3013 1210 3057 meum

180 3102 267 3144 usum
286 3082 384 3142 denuo
402 3082 540 3143 eontulit.
585 3086 761 3144 chartaceus
784 3091 831 3143 est
848 3090 879 3142 et
896 3079 994 3144 deseri
1015 3090 1063 3142 tus
1081 3100 1099 3142 a
1117 3079 1207 3142 Pom-

177 3162 268 3248 ponio
290 3161 388 3226 Laeto
414 3163 460 3244 [de
484 3185 541 3245 quo
560 3163 627 3228 viro
650 3161 852 3228 eruditissimo
870 3187 903 3232 v.
921 3162 957 3230 F.
1006 3163 1086 3230 aelii
1103 3185 1206 3250 opusc.

180 3251 212 3326 l,
233 3248 317 3327 1181.
335 3248 432 3310 codex
450 3249 520 3312 olim
531 3249 596 3330 *luit
611 3247 713 3313 Fulvii
731 3247 844 3314 Ursini.
1113 3309 1118 3326 ,

196 3361 202 3367 ·
264 3329 312 3395 De
339 3332 463 3416 reliquis
490 3333 652 3416 Agricolae
680 3333 831 3398 codicibus
861 3331 936 3397 nihil
962 3332 1049 3398 nohis
1076 3343 1204 3398 constat.

135 3410 143 3430 ⁸
177 3416 276 3481 codex
299 3414 403 3480 Ursini
426 3438 516 3502 saepe
538 3418 677 3482 laudatur
698 3409 795 3501 neque
819 3419 980 3502 quidquam
996 3429 1097 3483 tamen
1116 3420 1152 3482 de
1170 3439 1206 3482 eo

176 3501 324 3566 monitum
347 3513 394 3564 est
417 3502 454 3566 ah
477 3502 657 3577 editoribus;
681 3513 763 3567 certe
785 3523 847 3566 non
867 3503 947 3566 idem
968 3513 1016 3566 est
1038 3503 1090 3584 qui
1111 3503 1207 3564 adhuc

138 3593 320 3649 ¹'servatur
336 3585 367 3647 in
385 3586 564 3650 bibliotheca
583 3586 743 3652 Vaticana.
794 3585 842 3650 De
865 3587 967 3651 codice
993 3585 1207 3649 Mirandnlano
1302 3605 1306 3609 ·

176 3668 228 3752 qui
254 3668 354 3733 nullus
381 3682 430 3734 est
454 3694 486 3736 v.
515 3670 648 3735 Fabricii
674 3671 883 3769 hilgh'otheeam
909 3671 1087 3746 latinam‘z
1112 3671 1152 3736 31
1175 3677 1206 3735 et
1267 3715 1269 3724 «

159 3752 306 3832 ‘Ernesti
324 3757 542 3838 praelationem
560 3757 591 3818 in
610 3755 761 3820 Tacitum.

261 3837 366 3902 Prima
383 3839 483 3904 Taciti
505 3841 596 3904 editio
615 3862 691 3924 qnae
710 3851 757 3903 est
773 3837 953 3906 Wendelini
971 3838 1006 3902 de
1021 3836 1109 3924 Spina
1123 3851 1207 3906 caret

66 3937 78 3948 ·
178 3934 284 3987 nostro
301 3923 412 3988 lihello.
455 3925 580 4008 primam
597 3924 762 4008 Agricolae
780 3925 939 3989 editionem
958 3944 977 3986 a
994 3925 1076 3988 nullo
1091 3925 1238 3993 editore,

172 4018 274 4070 ‘antea
287 4008 464 4092 inspectam,
485 4031 561 4092 quae
580 4009 752 4074 continetur
768 4009 864 4094 prima
880 4008 1132 4094 panegyricorum
1145 4007 1206 4072 eol·

178 4089 306 4156 lectione
325 4113 343 4156 a
360 4093 525 4158 Francisco
543 4093 710 4158 Puteolano
728 4093 794 4158 siue
813 4105 883 4158 nota
902 4093 987 4172 anni,
1006 4093 1064 4157 loci
1082 4103 1205 4178 ettypo-

179 4175 284 4322 graphi
302 4177 481 4260 (Mediolani
501 4180 582 4244 circa
600 4189 713 4248 annum!
731 4181 831 4260 1482)
850 4179 941 4256 edita,
961 4177 992 4238 in
1011 4198 1109 4242 meum
1119 4198 1205 4242 usum

204 4261 304 4328 arisiis
327 4265 540 4335 conferendam
563 4265 681 4333 curavit
704 4262 834 4330 Carolus
856 4259 1039 4337 Benedictus
1057 4261 1140 4328 llaec
1157 4262 1206 4324 vir
