2876 4854
559 420 799 480 retardato.
1094 449 1098 454 ·
1143 423 1191 476 vlt

168 594 260 678 dreae
277 588 392 657 Aloiatl
408 588 596 674 praedatione
612 600 644 656 et
659 591 907 658 annotationibus
920 593 1191 678 praemisseesout.

167 674 284 744 Beatus
305 671 473 742 Rhenanus
489 673 604 740 eddidit
625 675 799 755 elenchum,
822 676 873 760 qui
890 697 927 740 ea
943 677 1130 761 potissimum
1146 678 1192 742 iu·

152 763 267 837 edicat,
292 779 370 846 quae
390 759 428 822 ad
450 778 500 825 ret
523 757 705 826 Germaniae
727 761 895 845 pertinent,
923 781 1014 846 opere
1036 763 1148 826 cursim
1164 772 1195 826 et

172 845 300 930 carptim
321 841 442 912 evoluto
465 849 670 926 congestum,
685 844 902 940 libellusyero
923 847 961 910 de
980 847 1115 910 moribus
1133 857 1193 910 cet.

172 927 357 997 Germaniae
379 947 398 990 a
419 927 600 1012 prodigiosis
617 930 733 1001 mendis
750 941 896 1015 purgatus
913 951 981 994 esse
1000 931 1196 1016 pereundam

171 1011 300 1080 Beatum
321 1009 503 1078 Rhenanam
524 1011 670 1078 beneficio
691 1014 803 1078 codicis
824 1014 1000 1080 vetustioris
1022 1016 1072 1097 (de
1090 1036 1149 1100 quo
1165 1035 1196 1079 v.

170 1096 296 1164 Ernesti
314 1096 545 1182 praefationem)
562 1097 766 1180 praedicatur.
808 1101 923 1164 reform
941 1110 988 1163 eet
1005 1111 1104 1162 autem
1123 1100 1197 1162 liaeo

170 1181 263 1250 editio
289 1201 450 1266 operarum
474 1182 642 1252 erroribus.
694 1204 763 1250 cum
788 1183 932 1249 Ernestio
956 1183 1071 1249 Aloiati
1100 1184 1198 1269 (Ale.)

170 1266 339 1336 editionem
351 1265 516 1330 nominavi.

258 1348 306 1414 De
323 1349 419 1434 prima
437 1348 578 1416 Rhenani
595 1351 822 1436 recognitione,
840 1373 917 1438 quae
933 1349 1075 1420 Basileee
1091 1371 1133 1418 ex
1150 1352 1196 1414 of·
1243 1313 1248 1318 .
1348 1441 1356 1452 .

173 1434 264 1500 licina
284 1433 477 1500 Frobeuiaua
498 1437 609 1519 prodiit
629 1439 777 1517 a1533,
800 1449 869 1522 post
884 1459 924 1501 aa
940 1458 1017 1520 qnae
1034 1436 1199 1500 Ernestius

174 1518 208 1584 in
233 1518 420 1604 praefatione
446 1519 590 1587 disseruit
614 1541 710 1603 pauca
736 1532 852 1584 tantum
874 1521 947 1584 milri
968 1521 1094 1584 dicenda
1115 1529 1197 1583 suut.
1270 1585 1273 1590 ,

102 1679 109 1691 g
175 1602 208 1670 ia
226 1603 350 1689 epistola
369 1604 405 1666 ad
422 1600 613 1668 Bernardum
631 1605 802 1689 episcopum
818 1604 1028 1670 Tridentinum
1045 1605 1110 1689 ipse
1123 1605 1210 1678 fate·¹

179 1697 242 1768 tur,
270 1685 326 1767 „ia
343 1686 443 1754 libello
463 1686 695 1767 Germanorum,
712 1699 867 1752 oratorum
885 1689 1005 1772 dialogo
1021 1687 1200 1773 Agricolae·

177 1793 261 1857 „que
282 1771 344 1836 nita
362 1771 420 1836 sibi
442 1772 573 1840 defuisse
591 1773 710 1856 quidem
725 1772 856 1858 scriptos
873 1774 991 1838 codices
1008 1795 1076 1837 cum
1094 1773 1200 1856 quibus

177 1857 368 1936 „conferret,
386 1866 519 1926 ceterum
537 1877 571 1922 se
588 1858 748 1924 editionem
764 1859 918 1942 vulgatam
935 1858 1124 1943 percurrisse
1138 1875 1200 1928 non

179 1961 344 2028 „prorsum
363 1939 558 2024 indiligenter
577 1961 615 2008 ao
638 1943 706 2010 loca
720 1943 872 2026 quaedam
898 1943 1068 2006 accuratius
1091 1961 1201 2006 excus-
1329 1933 1339 1944 ⁸

164 2024 324 2106 2‚,sisse.“
351 2025 443 2088 editio
460 2025 584 2109 vulgata
601 2025 714 2090 Aloiati
732 2038 791 2108 est,
810 2027 896 2091 ouius
913 2047 1047 2107 errores,
1067 2027 1116 2109 qui
1127 2047 1202 2088 norr-

179 2129 331 2192 uunqnam
353 2129 395 2174 ex
415 2107 548 2174 editione
569 2108 711 2176 Beroaldi
732 2112 905 2191 fluxerunt,
927 2111 985 2197 ipsi
1007 2121 1095 2174 notes
1113 2122 1203 2193 atque

181 2192 405 2260 emendationes
429 2205 620 2277 pepererunt.
672 2194 799 2282 plurima
820 2195 988 2262 Rhenanus
1010 2195 1148 2258 correxit
1171 2193 1204 2255 in

184 2277 449 2356 castigationibus3
467 2279 560 2348 multa
576 2278 668 2344 etiam
684 2280 776 2344 tacite
793 2279 975 2358 emendavit,
994 2278 1131 2362 quamvis
1149 2275 1205 2339 hae

185 2361 222 2426 de
238 2381 273 2426 re
290 2360 473 2428 dubitaverit
488 2360 651 2428 Ernestius
670 2363 708 2426 ad
726 2384 793 2448 cap.
813 2365 867 2430 16.
905 2362 966 2425 alia
984 2361 1100 2426 monuit
1116 2370 1206 2443 atque

185 2445 371 2526 imniatavit,
398 2447 553 2530 praeclare
575 2457 675 2514 autem
696 2447 911 2531 interpretatus
932 2456 980 2511 est
1000 2445 1032 2509 in
1051 2445 1206 2510 thesauro

186 2533 459 2596 constructionum
486 2537 521 2594 et
544 2531 742 2598 locutionum
769 2541 806 2596 et
829 2553 940 2596 uocum
963 2531 1077 2595 Tacito
1099 2530 1207 2595 eoden-
1250 2593 1252 2596 .

185 2617 287 2696 aium,
311 2615 361 2699 qui
379 2636 416 2680 aa
434 2635 523 2700 quam
541 2615 598 2700 ipsi
613 2615 776 2682 Ernestius
793 2616 900 2681 tribuit
915 2617 1003 2682 laude
1020 2617 1130 2700 dignus
1148 2623 1206 2678 est.

185 2709 326 2784 quantum
350 2698 421 2762 huic
442 2699 549 2765 editori
566 2700 692 2766 Tacitus
713 2702 836 2782 debeat,
859 2723 898 2765 ex
918 2711 1061 2764 accurata
1078 2700 1209 2782 castiga·

183 2785 299 2848 tionum
317 2783 447 2851 lectione
463 2794 560 2869 pateta
580 2805 678 2867 neque
695 2785 873 2851 temeritatis
891 2803 959 2850 eum
976 2795 1133 2872 tantopere
1142 2803 1209 2845 cum

184 2865 307 2936 lllureto
325 2869 549 2944 accusaverim,
567 2891 656 2952 quum
679 2871 793 2933 maiora
815 2871 960 2934 sinteino
977 2870 1099 2944 merita,
1120 2885 1210 2950 quam

187 2953 346 3016 multorum
374 2963 443 3038 pust
464 2974 531 3020 eum
554 2953 586 3016 iu
608 2952 694 3018 libris
715 2954 815 3017 Taciti
837 2951 1063 3032 corrumpendis
1080 2948 1210 3042 stadium

188 3057 206 3104 a
241 3057 278 3100 ae
304 3035 463 3106 industria.
512 3036 637 3100 alteram
664 3035 805 3100 Rhenaui
830 3034 991 3097 editionem
1013 3052 1042 3096 a.
1068 3031 1155 3100 1544
1179 3047 1211 3090 m

187 3141 205 3184 e
246 3140 293 3184 em
318 3119 393 3184 urbe
419 3131 451 3186 et
477 3120 599 3184 officina
622 3119 780 3204 repetitam
803 3139 863 3183 uon
886 3115 1016 3198 eontuli3
1044 3115 1119 3180 nihil
1140 3112 1212 3180 novi

190 3205 322 3268 additum
340 3225 436 3288 neque
453 3203 613 3296 quidquam
630 3213 788 3270 mutatum.
829 3201 906 3284 [llos
922 3201 1017 3266 libros
1034 3201 1143 3268 iterum
1157 3219 1213 3263 ex·

189 3288 335 3353 aminavit
357 3289 547 3356 Godolredus
573 3287 773 3354 liaemmerer
796 3283 924 3354 Silesins
949 3287 982 3349 in
1003 3286 1214 3350 dissertatione

190 3393 278 3456 quam
304 3372 426 3456 scripsit
452 3373 493 3438 dc
518 3372 630 3440 indole
658 3393 699 3439 co
725 3374 837 3458 pretio
863 3372 1008 3435 codicum
1034 3391 1108 3434 mse.
1138 3366 1213 3432 Tac.

190 3456 316 3608 capric.
344 3457 577 3623 pgpgptt'onant
598 3466 742 3524 cetorum
760 3457 807 3521 od
822 3453 968 3543 baioariam
988 3475 1108 3541 usquc,
1135 3449 1215 3516 vra-

192 3551 230 3606 us
243 3541 332 3607 aviae
437 3589 444 3606 .
489 3591 492 3596 .

277 3623 441 3689 Praeterea
458 3625 650 3692 consulebam
666 3623 780 3692 Mureti
798 3634 900 3700 notas,
918 3619 1066 3684 editiones
1082 3613 1216 3679 Franco·

119 3780 122 3791 Ι
193 3710 358 3772 lurtensam
377 3721 409 3772 et
426 3709 638 3774 Coloniensem
658 3711 710 3792 (de
726 3708 835 3793 quibus
846 3728 879 3770 v.
894 3718 990 3764 meam
994 3700 1216 3810 praefationem

192 3793 231 3854 ad
252 3791 341 3856 Diale
365 3815 414 3856 um
435 3814 465 3879 p.
490 3792 580 3877 Vll),
604 3792 716 3877 Lipsii,
741 3785 950 3872 Berueggeri,
978 3785 1216 3862 lacunariorum,

194 3877 338 3958 Gesneri,
378 3876 497 3955 raterii,
511 3877 660 3950 Ernestii,
674 3871 917 3961 Bipontinorum,
931 3869 1055 3958 Engeli,
1066 3867 1216 3936 Oberliui.

280 4147 330 4209 nd
348 4145 424 4211 haec
440 4145 534 4228 igitur
550 4145 668 4229 alisque
684 4142 830 4242 subsidia,
844 4139 952 4294 alpibus
964 4138 1084 4238 adiutus
1096 4134 1220 4233 primam

195 4229 358 4294 editionem
381 4247 577 4316 paraveram,
603 4248 685 4294 nuno
706 4228 831 4294 alterius
876 4223 923 4290 tn
939 4223 1080 4287 Vaticani
1102 4218 1222 4282 collatio
