2920 4840
273 437 316 502 pg
614 423 805 479 coauanu
829 421 961 476 444444

275 605 373 670 aditus
406 611 568 687 portusque
598 619 652 683 per
681 594 857 661 commercia
885 603 916 656 et
943 589 1147 676 negotiatores
1174 591 1307 676 cogniti.

275 722 421 808 Agricola
439 719 597 804 expulsum
614 714 760 780 seditione
775 712 938 776 domestica
952 731 1043 776 unum
1057 711 1221 794 exregulis
1231 731 1326 796 geu--

275 844 315 906 tis
337 845 500 925 exceperat
520 857 556 900 ac
578 833 678 919 specie
699 831 848 896 amicitiae
870 831 902 893 in
925 829 1113 892 occasionem
1135 829 1303 892 retinebat.

274 979 365 1045 saepe
383 978 419 1022 ex
436 978 472 1021 eo
490 953 591 1018 audivi
608 953 727 1036 legione
744 971 806 1014 una
827 955 858 1013 et
874 947 997 1011 modicis
1016 947 1139 1011 auxiliis
1157 947 1305 1011 debellari

249 1077 463 1160 5obtiueriquc
489 1052 797 1154 Hiberniam'posse,
825 1068 914 1150 idque
941 1066 1031 1132 etiam
1057 1067 1203 1130 adversus
1230 1063 1304 1129 Bri-

274 1198 406 1260 tanniam
435 1194 639 1277 profuturum,
667 1188 693 1250 si
720 1186 860 1249 Romana
887 1185 996 1286 ultique
1018 1205 1103 1248 arma
1126 1194 1156 1247 et
1178 1184 1260 1248 velut
1284 1205 1302 1246 4

273 1321 434 1396 conspectu
453 1309 576 1372 libertas
596 1307 764 1370 tolleretur.

172 1443 263 1508 25
360 1427 502 1494 Ceterum
521 1436 650 1503 aestate,
670 1445 728 1508 qua
746 1433 866 1488 sextum
884 1423 975 1490 officii
997 1443 1108 1486 antrum
1126 1421 1301 1498 inchoabat,

274 1549 430 1635 amplexus
449 1547 587 1612 civitates
606 1555 690 1607 trans
709 1539 883 1606 Bodotriam
906 1541 996 1622 sitas,
1021 1542 1091 1626 quia
1111 1553 1210 1606 motus
1232 1540 1302 1605 uni-

272 1789 346 1840 lectio
372 1793 400 1838 444
426 1791 516 1838 cretica
541 1783 689 1852 recipienda
720 1781 769 1834 luit
804 1788 924 1848 amatae,
951 1785 1037 1846 apetie
1064 1791 1197 1834 terrarum
1218 1799 1302 1846 angn-

271 1870 768 1937 44444444444441444444444444444
803 1875 882 1933 attor,
905 1871 951 1918 ced
970 1871 1036 1918 44414·
1055 1871 1154 1931 colique
1179 1873 1301 1930 teneperie
1328 1893 1333 1900 „

208 2001 217 2010 .
270 1955 493 2020 verbodifferunt.
527 1953 577 2005 dict
592 1958 677 2004 autem
692 1963 769 2018 posse
803 1957 886 2017 magio
899 1957 980 2003 4414144.
1015 1951 1302 2018 igiturdonecmcltora

194 2031 199 2042 ’
270 2036 770 2106 4411444444444144444444414444414444-
788 2037 979 2104 proferantur,
991 2037 1212 2110 acquiescendum
1225 2043 1263 2088 est
1272 2037 1299 2087 44

270 2141 330 2179 nem
344 2139 416 2178 esse
437 2125 582 2178 inauditam
603 2129 644 2174 ut
649 2121 767 2176 walehio
802 2122 850 2173 hac
867 2122 974 2174 lectione
993 2137 1071 2188 quam
1084 2122 1234 2189 Rothinsp
1248 2123 1300 2180 224

270 2211 476 2278 aliisqucrisum
493 2217 545 2271 cst,
566 2211 592 2259 in
611 2209 693 2274 prima
711 2205 768 2257 cdi·
801 2221 844 2271 sq.
859 2207 1299 2273 egregietuitusatqueintcrpreta-

270 2298 340 2350 tione
361 2279 534 2348 demonstrari
553 2292 624 2344 hisce
642 2292 767 2357 exemplis
801 2298 845 2342 tus
861 2298 911 2343 cst.
946 2291 993 2342 sed
1012 2299 1041 2342 ut
1059 2292 1129 2370 qnod
1147 2293 1226 2344 seatio
1245 2290 1298 2343 44-

271 2397 337 2449 quoe
346 2387 409 2434 suut
421 2379 539 2433 eiusdem
550 2391 662 2444 genens
696 2375 767 2428 Anu.
801 2376 874 2440 dam,
898 2375 1051 2428 vocabula·
1039 2395 1066 2428 m
1084 2381 1173 2428 metune
1189 2375 1297 2428 delenda
1377 2369 1381 2375 ’

270 2468 301 2526 2,
320 2469 354 2518 82
371 2476 516 2529 cunctaque
534 2473 562 2514 ct
579 2481 614 2513 ex
631 2467 768 2526 longinquo
803 2475 861 2512 csse
876 2475 970 2513 censeo
984 2462 1081 2529 quippo
1095 2476 1161 2528 quae
1172 2463 1297 2528 interpre-

269 2557 350 2596 auetu
359 2554 386 2596 in
395 2551 508 2597 deteriore
517 2550 714 2613 adferebantur.
725 2545 766 2606 14,
802 2552 854 2596 tem
863 2545 1006 2598 redoleant.

269 2631 416 2680 seconcia
435 2639 519 2678 tamen
533 2632 569 2677 cd
585 2627 767 2690 imperatorem
805 2665 817 2676 .
838 2630 864 2681 l.
886 2648 937 2692 per
954 2615 1119 2694 edmtrtcroe'n]
1145 2632 1214 2683 Bet
1225 2651 1294 2684 enm-

267 2721 295 2762 44
313 2717 414 2763 eraclitae
428 2717 523 2764 relato.
550 2712 621 2762 Hist.
636 2712 660 2774 3,
673 2711 766 2761 74444·-
801 2719 908 2768 mercia.

258 2802 423 2850 ,4444144444
436 2802 518 2848 reaia
531 2802 616 2846 maius
630 2796 773 2858 accipitur(
835 2799 860 2850 4.
882 2803 983 2862 revadiet]
1011 2801 1115 2868 ltipont.
1135 2806 1237 2852 4444414444
1252 2803 1294 2867 qui

187 2933 198 2948 Η
268 2888 292 2951 3,
306 2885 337 2938 43
348 2885 562 2950 arquecmntade
574 2882 768 2932 7441144444-
800 2895 935 2948 operarum
956 2899 1027 2937 error
1048 2885 1224 2953 Peerlkampio
1241 2889 1296 2953 pta-

270 2977 358 3022 tmue.
377 2971 403 3030 3,
414 2964 767 3034 3844444444444444444-
800 2968 867 3032 cuit,
884 2983 964 3034 quum
980 2972 1084 3037 regulus
1098 2953 1251 3024 illemclius
1268 2987 1295 3024 44

165 3105 169 3110 .
267 3055 765 3123 4441444444).11144468441444444
798 3053 878 3105 sciret
896 3069 975 3120 quam
992 3056 1122 3122 Agricola.
1157 3065 1294 3124 atprono-
1367 3101 1372 3108 .
1448 3073 1449 3082 ¹

266 3150 362 3190 cuneta
378 3159 405 3189 m
418 3143 532 3190 detem'ne
549 3142 652 3190 444444.
687 3135 719 3188 44
739 3150 767 3188 re
801 3139 1294 3208 mencononcstrclerendumaddgri-

267 3221 393 3284 44144444Ι
387 3235 442 3286 ipsa
452 3223 616 3272 historiarum
626 3223 788 3287 scriptores
800 3223 897 3287 colam,
916 3225 963 3276 sed
981 3225 1012 3276 ad
1032 3225 1105 3277 illum
1123 3227 1249 3292 regulum,
1269 3233 1295 3279 et

266 3303 434 3365 dissentiunt,
450 3304 496 3354 scd
510 3303 559 3354 hoe
571 3318 663 3368 parum
677 3305 866 3360 reformante
885 3323 915 3360 44
929 3309 970 3361 his
984 3309 1067 3362 rcrbis
1082 3310 1209 3377 colligitur
1220 3313 1293 3363 ’1444-

266 3402 333 3456 quae
345 3403 359 3439 4
373 3386 499 3438 Strabone
512 3389 538 3450 4,
550 3389 579 3448 4,
594 3386 652 3438 444
665 3389 764 3442 1141444-
799 3393 871 3456 tum'
865 3407 950 3458 ipsum
960 3393 1064 3447 luisse
1056 3397 1234 3448 rnBritanuia.

265 3475 323 3526 nine
345 3471 437 3526 incolis
459 3471 606 3534 traduntur,
631 3473 657 3523 in
674 3472 716 3524 tris
735 3489 764 3528 ec
832 3476 858 3528 9.
876 3481 1025 3544 amplexus]
1044 3480 1292 3548 444444444444444,

137 3619 148 3630 ,
221 3581 223 3585 ·
263 3559 374 3614 testibus
384 3557 534 3612 destitutum
546 3563 698 3609 esseauctor
708 3558 763 3625 ipse
796 3561 1291 3632 1144444.1144444,Εης41.04)441.44-

255 3645 388 3706 ·ellirmat3
399 3645 441 3700 καὶ
450 3647 535 3695 ccicc
544 3640 636 3694 δὀὕτω
646 3646 763 3710 λέγομεν,
797 3647 932 3698 candores.
968 3651 1070 3712 mnptcc
1083 3651 1142 3703 Put.
1156 3653 1178 3715 1,
1189 3655 1216 3714 2,
1227 3653 1291 3705 Van.

264 3731 311 3791 alt,
338 3727 371 3786 cic
389 3727 443 3800 444
465 3731 566 3791 ἔχοντες
591 3725 762 3788 ἀξιοπίστους
795 3729 1013 3783 Alc.lthru.alii.
1044 3735 1149 3800 lipsius
1159 3741 1246 3801 ampla
1255 3743 1291 3788 ct·

261 3809 409 3878 μάρτυρας.
445 3812 592 3864 inconditos
606 3812 690 3866 luisse
704 3816 763 3868 cul·
796 3821 926 3865 444414-
944 3824 1016 3880 ettn,·
1034 3818 1180 3872 Gronovius
1193 3826 1292 3886 emptae

262 3900 332 3946 tores
349 3894 426 3944 ctiam
441 3895 602 3958 Pomponius
619 3898 689 3950 Mela
703 3899 760 3964 aa
795 3905 913 3951 civitam
930 3931 965 3943 -
982 3907 1067 3965 444444
1093 3904 1231 3958 Ernestius
1249 3914 1292 3957 cut

261 3985 360 4035 narrat:
388 3974 457 4028 idem
480 3977 512 4029 de
532 3975 582 4030 soli
604 3980 760 4038 iocunditate
796 3989 854 4051 post
867 3991 935 4035 ettae
949 3994 993 4038 aut
1006 3993 1065 4040 ante
1080 3993 1181 4052 amplae
1196 3989 1291 4056 aliquid

261 4076 321 4115 eum
335 4061 393 4113 aliis
408 4062 546 4116 consonuit.
574 4077 598 4114 v.
612 4065 705 4118 Isidori
720 4068 761 4120 lo·
795 4067 919 4122 excidisse
933 4073 1032 4138 putarit
1044 4072 1076 4126 de
1086 4075 1198 4126 exercitu
1212 4081 1292 4128 terre-

260 4161 320 4199 num
335 4145 572 4213 supralaudatum.
600 4149 677 4200 Oros.
696 4151 757 4204 hist.
794 4155 850 4205 stri.
887 4161 1011 4221 canopicon·
1026 4166 1071 4210 aut
1088 4160 1198 4212 eandem
1216 4159 1292 4214 habet

260 4233 285 4294 1,
300 4231 316 4283 3
333 4234 399 4287 tace
408 4230 560 4304 (Hibernia)
574 4238 682 4298 proptor
689 4231 760 4301 1144·-
793 4238 1006 4306 significationem
1025 4257 1105 4311 quam
1122 4243 1196 4299 Aua.
1214 4247 1241 4312 4,
1260 4247 1291 4301 tr
